<?xml version="1.0" encoding="UTF-8"?><collection xmlns="http://www.loc.gov/MARC21/slim"><record><leader>00419nam--2200169-i-4500</leader><controlfield tag="001">000035520</controlfield><controlfield tag="002">20161230</controlfield><controlfield tag="005">20170107000419</controlfield><controlfield tag="008">060222s1000------------r-----000-0-eng-d</controlfield><datafield ind1=" " ind2=" " tag="080"><subfield code="a">621.382</subfield></datafield><datafield ind1=" " ind2=" " tag="100"><subfield code="a">Kelemen, ©rp©Łd</subfield></datafield><datafield ind1=" " ind2=" " tag="245"><subfield code="a">Mutatoare. Aplicatii</subfield></datafield><datafield ind1=" " ind2=" " tag="260"><subfield code="a">Bucuresti</subfield><subfield code="b">Editura Didactica Si Pedgogica</subfield><subfield code="c">1980</subfield></datafield><datafield ind1=" " ind2=" " tag="300"><subfield code="a">397 p</subfield></datafield><datafield ind1=" " ind2=" " tag="700"><subfield code="a">Imecs, M©Łria</subfield></datafield><datafield ind1=" " ind2=" " tag="852"><subfield code="a">48568</subfield></datafield><datafield ind1=" " ind2=" " tag="CAT"><subfield code="a">SYS</subfield><subfield code="c">20170107</subfield><subfield code="h">000419</subfield></datafield></record></collection>